@inproceedings{narayanan2012feasibility,
  title={On the feasibility of {I}nternet-scale author identification},
  author={Narayanan, A. and Paskov, H. and Gong, N.Z. and Bethencourt, J. and Stefanov, E. and Shin, E.C.R. and Song, D.},
  booktitle={Security and Privacy (SP), 2012 IEEE Symposium on},
  pages={300--314},
  year={2012},
  organization={IEEE}
}

@MISC{boe2012python,
author = {Boe, Bryce},
title = {{P}ython {R}eddit {API} Wrapper {1.0} Documentation},
month = Nov,
year = {2012},
howpublished = {\url{http://python-reddit-api-wrapper.readthedocs.org/en/latest/praw.html}}
}

@MISC{perk2010text,
author = {Perk, Jacob A.},
title = {Text Classification for Sentiment Analysis --- {N}aive {B}ayes Classifier},
month = May,
year = {2010},
howpublished = {\url{http://streamhacker.com/2010/05/10/text-classification-sentiment-analysis-naive-bayes-classifier/}}
}

@MISC{nltk2012classify,
author = {{NLTK Project}},
title = {{c}lassify Package},
month = Nov,
year = {2012},
howpublished = {\url{http://nltk.org/api/nltk.classify.html}}
}

@MISC{reddit2012reddit,
author = {{reddit inc.}},
title = {reddit: the front page of the internet},
month = Nov,
year = {2012},
howpublished = {\url{http://www.reddit.com/}}
}
